[gd_scene load_steps=8 format=2]

[ext_resource path="res://scripts/skybox.gd" type="Script" id=7]

[sub_resource type="PlaneMesh" id=1]

[sub_resource type="SpatialMaterial" id=2]
flags_unshaded = true

[sub_resource type="SpatialMaterial" id=4]
flags_unshaded = true

[sub_resource type="SpatialMaterial" id=5]
flags_unshaded = true

[sub_resource type="SpatialMaterial" id=6]
flags_unshaded = true

[sub_resource type="SpatialMaterial" id=7]
flags_unshaded = true

[node name="skybox" type="Spatial"]
script = ExtResource( 7 )

[node name="front" type="MeshInstance" parent="."]
transform = Transform( 1, 0, 0, 0, -4.37114e-08, -1, 0, 1, -4.37114e-08, 0, 0, -1 )
mesh = SubResource( 1 )
material/0 = SubResource( 2 )

[node name="right" type="MeshInstance" parent="."]
transform = Transform( -4.37114e-08, -1, 4.37114e-08, 0, -4.37114e-08, -1, 1, -4.37114e-08, 1.91069e-15, 1, 0, 0 )
mesh = SubResource( 1 )
material/0 = null

[node name="back" type="MeshInstance" parent="."]
transform = Transform( -1, 8.74228e-08, -3.82137e-15, 0, -4.37114e-08, -1, -8.74228e-08, -1, 4.37114e-08, -5.96046e-08, 0, 1 )
mesh = SubResource( 1 )
material/0 = SubResource( 4 )

[node name="left" type="MeshInstance" parent="."]
transform = Transform( 1.31134e-07, 1, -4.37114e-08, 0, -4.37114e-08, -1, -1, 1.31134e-07, -5.73206e-15, -1, 0, 0 )
mesh = SubResource( 1 )
material/0 = SubResource( 5 )

[node name="up" type="MeshInstance" parent="."]
transform = Transform( -1, 1.74846e-07, 8.74228e-08, -1.74846e-07, -1, 8.74228e-08, 8.74228e-08, 8.74228e-08, 1, 5.96046e-08, 1, 0 )
mesh = SubResource( 1 )
material/0 = SubResource( 6 )

[node name="down" type="MeshInstance" parent="."]
transform = Transform( 1, -1.74846e-07, 7.10543e-15, 1.74846e-07, 1, 0, -7.10543e-15, 1.07463e-15, 1, 5.96046e-08, -1, 0 )
mesh = SubResource( 1 )
material/0 = SubResource( 7 )
